<record><leader>00000cas a22000007a 4500</leader><controlfield tag="001">17463689</controlfield><controlfield tag="008">880211d19471962laudn ne      0    0eng d</controlfield><datafield ind1=" " ind2=" " tag="010"><subfield code="a">sn 88064060 </subfield></datafield><datafield ind1=" " ind2=" " tag="040"><subfield code="a">LNP</subfield><subfield code="b">eng</subfield><subfield code="c">LNP</subfield><subfield code="d">OCLCQ</subfield></datafield><datafield ind1=" " ind2=" " tag="042"><subfield code="a">msc</subfield></datafield><datafield ind1="0" ind2="0" tag="245"><subfield code="a">Bogalusa daily news.</subfield></datafield><datafield ind1="3" ind2="0" tag="246"><subfield code="a">Sunday news</subfield></datafield><datafield ind1=" " ind2=" " tag="260"><subfield code="a">Bogalusa, La. :</subfield><subfield code="b">John R. Harrah</subfield></datafield><datafield ind1=" " ind2=" " tag="310"><subfield code="a">Daily (except Sat.)</subfield></datafield><datafield ind1="0" ind2=" " tag="362"><subfield code="a">Vol. 21, no. 155 (Aug. 25, 1947)-v. 36, no. 154 (Nov. 5, 1962).</subfield></datafield><datafield ind1=" " ind2=" " tag="500"><subfield code="a">On Sunday published as: Sunday news, Aug. 10, 1952-Nov. 5, 1962.</subfield></datafield><datafield ind1=" " ind2=" " tag="752"><subfield code="a">United States</subfield><subfield code="b">Louisiana</subfield><subfield code="c">Washington</subfield><subfield code="d">Bogalusa.</subfield></datafield><datafield ind1="0" ind2="0" tag="780"><subfield code="t">Daily news (Bogalusa, La. : 1945)</subfield><subfield code="w">(DLC)sn 88064059</subfield></datafield><datafield ind1="0" ind2="0" tag="785"><subfield code="t">Daily news (Bogalusa, La. : 1962)</subfield><subfield code="w">(DLC)sn 88064061</subfield></datafield></record>